<record>
  <leader>03556nem a2200361 a 4500</leader>
  <controlfield tag="001">991000096599702696</controlfield>
  <controlfield tag="005">20170202120804.0</controlfield>
  <controlfield tag="008">051118s1945    xx            001 0 eng u</controlfield>
  <datafield tag="035" ind1=" " ind2=" ">
    <subfield code="a">(IL-JeALB)10260-972ai_inst</subfield>
  </datafield>
  <datafield tag="035" ind1=" " ind2=" ">
    <subfield code="a">10260</subfield>
    <subfield code="9">ExL</subfield>
  </datafield>
  <datafield tag="035" ind1=" " ind2=" ">
    <subfield code="a">map00000046</subfield>
  </datafield>
  <datafield tag="037" ind1=" " ind2=" ">
    <subfield code="n">18 Syrian pounds for 9 sheets purchased Oct 18 1951.</subfield>
  </datafield>
  <datafield tag="110" ind1="1" ind2=" ">
    <subfield code="a">Service Geographique F.F.L.</subfield>
  </datafield>
  <datafield tag="245" ind1="1" ind2="0">
    <subfield code="a">Levant 1:200,000.</subfield>
    <subfield code="h">[map]</subfield>
  </datafield>
  <datafield tag="250" ind1=" " ind2=" ">
    <subfield code="a">1ere Edition.</subfield>
  </datafield>
  <datafield tag="255" ind1=" " ind2=" ">
    <subfield code="a">Scale 1:200,000.</subfield>
  </datafield>
  <datafield tag="260" ind1=" " ind2=" ">
    <subfield code="a">Paris :</subfield>
    <subfield code="b">France. Institut Geographique National,</subfield>
    <subfield code="c">1945-1950.</subfield>
  </datafield>
  <datafield tag="300" ind1=" " ind2=" ">
    <subfield code="a">1 map on 23 sheets ;</subfield>
    <subfield code="c">68 x 57.5 cm. or smaller, on 23 sheets 89 x 69 cm. or smaller.</subfield>
  </datafield>
  <datafield tag="500" ind1=" " ind2=" ">
    <subfield code="a">With a key.</subfield>
  </datafield>
  <datafield tag="500" ind1=" " ind2=" ">
    <subfield code="a">The Albright library has 2 copies of sheets NI-36 VI (Fiq-Haifa) and NI-36 XVIII (Tripoli).</subfield>
  </datafield>
  <datafield tag="505" ind1=" " ind2=" ">
    <subfield code="a">Sheets: NI-36-VI Fiq-Haifa (1949) -- NI-36-XII Beyrouth (1949) -- NI-36-XVIII Tripoli (1945) -- NI-36-XXIV / NI-37-XIX Lattaquie-Hama (1945) -- NI-37-IX Jebel Tennf (1950) -- NI-37-VIII Sabaa-Biar (1950) -- [NI-37-X] Bir Sejri (1950) -- NI-37-XIII Homs (1949) -- NI-37-XIV Qariateine (2nd ed., 1950) -- NI-37-XV Palmyre (1950) -- NI-37-XVI Ouadi El Miyah (1945) -- NI-37-XVII Abou-Kemal (1950) -- NI-37-XVIII Ana (1950) -- NI-37-XX Selemiye (1st ed., 1945) -- NI-37-XXI Ressafe (1950) -- NI-37-XXII Raqqa (2nd ed., 1950) -- NI-37-XXIII Deir-ez-Zor (1949) -- NI-37-XXIV Bouara (1950) -- NJ-36-VI / NJ-37-I Antakya (Antioche) (2nd ed., 1949) -- NJ-37-II Alep (1949) -- NJ-37-IV Toual Aaba (1950) -- NJ-37-XI-Partie Sud / NJ-37-V Hassetche (1950) -- NJ-37-XII-Partie Sud / NJ-37-VI Qamichliye-Sinjar (1950).</subfield>
  </datafield>
  <datafield tag="506" ind1=" " ind2=" ">
    <subfield code="a">May require conservation work before use.</subfield>
  </datafield>
  <datafield tag="546" ind1=" " ind2=" ">
    <subfield code="a">French.</subfield>
  </datafield>
  <datafield tag="555" ind1=" " ind2=" ">
    <subfield code="a">Graphic key to Albright-held sheets at:</subfield>
    <subfield code="u">http://www.aiar.org/wp-content/uploads/2014/11/Levant_1_200000_grid.pdf</subfield>
  </datafield>
  <datafield tag="595" ind1=" " ind2=" ">
    <subfield code="a">Sheet sizes: NI-37-IX, 89 x 62 cm.; NJ-37-XI/NJ-37-V, 87 x 53 cm.; NI-37-XX, 85 x 57 cm.; NJ-37-XII/NJ-37-VI, 83 x 55 cm.; NI-36-XII, 80 x 56 cm.; NI-36-XXIV/NI-37-XIX, 77 x 67 cm.; NI-37-XXI, NI-37-XXII, NI-37-VIII, NI-37-X, NI-37-XIV, NI-37-XV, NI-37-XVIII, 76 x 56 cm.; NI-37-XVII, 75 x 57 cm.; NJ-37-IV, 75 x 57 cm.; NI-37-XXIV, 75 x 56 cm.; NI-36-XVIII c.1, 73 x 55 cm.; NI-37-XVI, 72 x 56 cm.; NI-36-VI c.1, c.2, 71 x 69 cm.; NI-36-XVIII c.2, NI-37-XIII, NJ-37-II, 71 x 54 cm.; NJ-36-VI/NJ-37-I, 70 x 63 cm.; NI-37-XXIII, 70 x 57 cm.</subfield>
  </datafield>
  <datafield tag="651" ind1=" " ind2="0">
    <subfield code="a">Asia</subfield>
    <subfield code="z">Middle East</subfield>
    <subfield code="z">Levant</subfield>
    <subfield code="v">Maps.</subfield>
  </datafield>
  <datafield tag="710" ind1=" " ind2=" ">
    <subfield code="a">Service Geographique des Forces Françaises du Levant</subfield>
  </datafield>
  <datafield tag="913" ind1=" " ind2=" ">
    <subfield code="1">56</subfield>
    <subfield code="2">Publisher</subfield>
    <subfield code="5">Uncertain</subfield>
    <subfield code="6">Full</subfield>
  </datafield>
  <datafield tag="949" ind1=" " ind2=" ">
    <subfield code="a">MAPS 35-NI-36-VI to 35-NJ-37-XII/NJ-37-VI</subfield>
  </datafield>
  <datafield tag="951" ind1=" " ind2=" ">
    <subfield code="a">199 (NI-36-VI c.1), 378 (NI-36-VI c.2), 210a (NI-36-XII), 206a (NI-36-XVIII c.1), 206b (NI-36-XVIII c.2), 188 (NI-36-XXIV/NI-37-XIX), 189 (NI-37-IX), 191 (NI-37-VIII), 207 ([NI-37-X]), 198 (NI-37-XIII), 205 (NI-37-XIV), 204 (NI-37-XV), 194 (NI-37-XVI), 195 (NI-37-XVII), 190 (NI-37-XVIII), 255 (NI-37-XX), 203 (NI-37-XXI), 201 (NI-37-XXII), 192 (NI-37-XXIII), 196 (NI-37-XXIV), 104 (NJ-36-VI/NJ-37-I), 202 (NJ-37-II), 200 (NJ-37-IV), 193 (NJ-37-XI/NJ-37-V), 197 (NJ-37-XII/NJ-37-VI).</subfield>
  </datafield>
  <datafield tag="951" ind1=" " ind2=" ">
    <subfield code="a">Inventory no. for 9 sheets purchased Oct 18 1951: 6531.</subfield>
  </datafield>
  <datafield tag="953" ind1=" " ind2=" ">
    <subfield code="n">Stored in 2 folders by size. Folder A: 35-NI-36-VI, -NI-36-XII, -NI-36-XVIII, -NI-36-XXIV/NI-37-XIX, -NI-37-XIII, -NI-37-XVI, -NI-37-XXI, -NI-37-XXII, -NI-37-XXIII, -NI-37-XXIV, -NJ-36-VI/NJ-37-I, -NJ-37-II. Folder B: 35-NI-37-IX, -NI-37-VIII, [-NI-37-X], -NI-37-XIV, -NI-37-XV, -NI-37-XVII, -NI-37-XVIII, -NI-37-XX, -NJ-37-IV, -NJ-37-XI/NJ-37-V, -NJ-37-XII/NJ-37-VI.</subfield>
  </datafield>
  <datafield tag="999" ind1=" " ind2=" ">
    <subfield code="a">MAP</subfield>
  </datafield>
</record>
